@manual{agopHome,
   author = {Marek Gagolewski and Anna Cena},
   title = {\textsf{agop}: Aggregation Operators in \textsf{R}},
   note = {\href{http://www.rexamine.com/resources/agop/}{www.rexamine.com/resources/agop/}},
   year = {2013}
}




@phdthesis{Gagolewski2011:PhD,
   author = {Marek Gagolewski},
   title = {Aggregation Operators and Their Application in a Formal Model for Quality Evaluation System of Scientific Research
            (Wybrane operatory agregacji i~ich zastosowanie w~modelu formalnym systemu jako≈õci w~nauce)},
   institution = {PhD Thesis, Systems Research Institute, Polish Academy of Sciences},
   year = {2011},
   note = {(In Polish)}
}


@article{Gagolewski2013:om3,
   author = {Marek Gagolewski},
   title = {On the Relationship Between Symmetric Maxitive, Minitive, and Modular Aggregation Operators},
   journal = {Information Sciences},
   volume = {221},
   pages = {170--180},
   year = {2013}
}

@article{Yager:OWA,
   author = {Yager, Ronald R.},
   journal = {IEEE Transactions on Systems, Man, and Cybernetics},
   number = {1},
   pages = {183--190},
   title = {{On ordered weighted averaging aggregation operators in multicriteria decision making}},
   volume = {18},
   year = {1988}
}


@book{GrabischETAL2009:aggregationfunctions,
   author = {Grabisch, Michel and Marichal, Jean-Luc and Mesiar, Radko and Pap, Endre},
   publisher = {Cambridge University Press},
   title = {{Aggregation functions}},
   year = {2009}
}

@book{DavidNagaraja2003:orderstatistics,
   author = {David H.A and Nagaraya H.N},
   publisher = {A John Wiley & Sons},
   title = {{Order statistics}},
   year = {2003}
}

@book{BeliakovETAL2007:aggregation,
   author = {Gleb Beliakov and Ana Pradera and Tomasa Calvo},
   publisher = {New York: Springer-Verlag},
   title = {{Aggregation Functions: A Guide for Practitioners}},
   year = {2007}
}


@manual{Rproject:home,
   address = {Vienna, Austria},
   author = {{\textsf{R} Development Core Team}},
   note = {{URL}: http://www.R-project.org},
   organization = {\textsf{R} Foundation for Statistical Computing},
   title = {{\textsf{R}: A~language and environment for statistical computing}},
   year = {2013}
}

@article{Woeginger2008:axiomatich,
   author = {Woeginger, Gerhard J.},
   journal = {Mathematical Social Sciences},
   number = 2,
   pages = {224--232},
   title = {{An axiomatic characterization of the {H}irsch-index}},
   volume = 56,
   year = {2008}
}

@article{DuboisETAL1988:makingdecision,
   author = {Dibier Dubois and Henri Prade and Claudette Testemale},
   journal = {Fuzzy Sets and Systems},
   number = {},
   pages = {313--331},
   title = {{Weighted fuzzy pattern matching}},
   volume = {28},
   year = {1988}
}

@article{MesiarMesiarova2011:orderedmodular,
   author = {Mesiar, Radko and Mesiarov{\'a}-Zem{\'a}nkov{\'a}, Andrea},
   journal = {IEEE Transactions on Fuzzy Systems},
   number = {1},
   pages = {42--50},
   title = {{The ordered modular averages}},
   volume = {19},
   year = {2011}
}

@article{Woeginger2008:axiomaticg,
   author = {Woeginger, Gerhard J.},
   journal = {Journal of Informetrics},
   number = {4},
   pages = {364--368},
   title = {{An axiomatic analysis of {E}gghe's $g$-index}},
   volume = {2},
   year = {2008}
}

@article{Hirsch2005:hindex,
   author = {Hirsch, Jorge E.},
   journal = {Proceedings of the National Academy of Sciences},
   number = {46},
   pages = {16569--16572},
   title = {{An index to quantify individual's scientific research output}},
   volume = {102},
   year = {2005}
}


@article{Kosmulski2007:maxprod,
   author = {Kosmulski, Marek},
   journal = {Cybermetrics},
   number = {1},
   title = {{{MAXPROD} --- {A}~new index for assessment of the scientific output of an individual, and a comparison with the $h$-index}},
   volume = {11},
   year = {2007}
}

@article{Kosmulski2006:h2,
   author = {Kosmulski, Marek},
   journal = {ISSI Newsletter},
   number = {3},
   pages = {4--6},
   title = {{A new {H}irsch-type index saves time and works equally well as the original $h$-index}},
   volume = {2},
   year = {2006}
}

@article{Egghe2006:g,
   author = {Egghe, Leo},
   journal = {ISSI Newsletter},
   number = {1},
   pages = {8--9},
   title = {{An improvement of the $H$-index:~the $G$-index}},
   volume = {2},
   year = {2006}
}

@article{Egghe2006:gtheorypractise,
   author = {Egghe, Leo},
   journal = {Scientometrics},
   number = {1},
   pages = {131--152},
   title = {{Theory and practise of the $g$-index}},
   volume = {69},
   year = {2006}
}

@article{AlonsoETAL2010:hg,
   author = {Alonso, S. and Cabrerizo, F. J. and Herrera-Viedma, E. and Herrera, F.},
   journal = {Scientometrics},
   number = {2},
   pages = {391--400},
   title = {{\textit{hg}-index: {A}~new index to characterize the scientific output of researchers based on the \textit{h}- and \textit{g}-indices}},
   volume = {82},
   year = {2010}
}

@article{Woeginger2008:symmetryaxiom,
   author = {Woeginger, Gerhard J.},
   journal = {Journal of Informetrics},
   pages = {298--303},
   title = {{A symmetry axiom for scientific impact indices}},
   volume = {2},
   year = {2008}
}

@article{Quesada2009:monotonicityh,
   author = {Quesada, Antonio},
   journal = {Journal of Informetrics},
   number = {2},
   pages = {158--160},
   title = {{Monotonicity and the {H}irsch index}},
   volume = {3},
   year = {2009}
}



@article{Quesada2011:axiomaticshg,
   title = {Axiomatics for the Hirsch index and the Egghe index},
   author = {Antonio Quesada},
   journal = {Journal of Informetrics},
   volume = {5},
   number = {3},
   year = {2011},
   pages = {476--480}
}

@article{Quesada2011:furthercharh,
   title = {Further characterizations of the {H}irsch index},
   author = {Antonio Quesada},
   journal = {Scientometrics},
   year = {2011},
   volume = {87},
   pages = {107--114}
}


@incollection{CalvoETAL2002:aggoppsChapter1,
   author = {Calvo, Tomasa and Kolesarova, Anna and Komornikova, Magda and Mesiar, Radko},
   booktitle = {{Aggregation Operators. New Trends and Applications}},
   crossref = {CalvoMayorMesiar2002:aggops},
   pages = {3--104},
   title = {{Aggregation operators: {P}roperties, classes and construction methods}}
}

@incollection{CenaGagolewski2013:agop1,
   author = {Cena, Anna and Gagolewski, Marek},
   booktitle = {{Proc.~AGOP 2013}},
   note = {in press},
   title = {{{OM3}: ordered maxitive, minitive, and modular aggregation operators -- {P}art {I}: {A}xiomatic analysis under arity-dependence}},
   year = {2013}
}

@incollection{CenaGagolewski2013:agop2,
   author = {Cena, Anna and Gagolewski, Marek},
   booktitle = {{Proc.~AGOP 2013}},
   note = {in press},
   title = {{{OM3}: ordered maxitive, minitive, and modular aggregation operators -- {P}art {II}: {A}~simulation study}},
   year = {2013}
}

@article{Gagolewski2012:ins,
   author = {Gagolewski, Marek},
   journal = {Information Sciences},
   pages = {170--180},
   title = {{On the Relationship Between Symmetric Maxitive, Minitive, and Modular Aggregation Operators}},
   volume = {221},
   year = {2013}
}

@article{GagolewskiMesiar2012:joi,
   author = {Gagolewski, Marek and Mesiar, Radko},
   journal = {Journal of Informetrics},
   number = {4},
   pages = {566--579},
   title = {{Aggregating Different Paper Quality Measures with a Generalized h-index}},
   volume = {6},
   year = {2012}
}

@incollection{Gagolewski2012:ipmu,
   author = {Gagolewski, Marek},
   booktitle = {{Advances in Computational Intelligence, Part III}},
   editor = {Greco~et~al, S.},
   journal = {CCIS},
   pages = {276--285},
   publisher = {Springer-Verlag},
   title = {{On the Relation Between Effort-Dominating and Symmetric Minitive Aggregation Operators}},
   volume = {299},
   year = {2012}
}

@incollection{Gagolewski2012:smps,
   author = {Gagolewski, Marek},
   booktitle = {{Synergies of Soft Computing and Statistics for Intelligent Data Analysis}},
   editor = {R.~Kruse~et~al},
   journal = {AISC},
   pages = {359--367},
   publisher = {Springer-Verlag},
   title = {{Statistical Hypothesis Test for the Difference Between {H}irsch Indices of Two {P}areto-Distributed Random Samples}},
   volume = {190},
   year = {2013}
}

@article{BeliakovJames2013:FSS,
   author = {Beliakov, Gleb and James, Simon},
   journal = {Fuzzy Sets and Systems},
   note = {to appear},
   title = {{Stability of weighted penalty-based aggregation functions}},
   year = {2013}
}

@article{Gagolewski2011:CITAN,
   author = {Gagolewski, Marek},
   journal = {Journal of Informetrics},
   number = {4},
   pages = {678--692},
   title = {{Bibliometric impact assessment with {R} and the {CITAN} package}},
   volume = {5},
   year = {2011}
}

@article{GagolewskiGrzegorzewski2011:ijar,
   author = {Gagolewski, Marek and Grzegorzewski, Przemys{\l}aw},
   journal = {International Journal of Approximate Reasoning},
   number = {9},
   pages = {1312--1324},
   title = {{Possibilistic analysis of arity-monotonic aggregation operators and its relation to bibliometric impact assessment of individuals}},
   volume = {52},
   year = {2011}
}

@inproceedings{GagolewskiGrzegorzewski2011:eusflat,
   author = {Gagolewski, Marek and Grzegorzewski, Przemys{\l}aw},
   booktitle = {{Proc. Eusflat/LFA 2011}},
   editor = {Galichet, S. and Montero, J. and Mauris, G.},
   location = {Aix-Les-Bains, France},
   pages = {53--58},
   title = {{Axiomatic characterizations of {(quasi-)} {L}-statistics and {S}-statistics and the {P}roducer {A}ssessment {P}roblem}},
   year = {2011}
}

@incollection{GagolewskiGrzegorzewski2010:smps,
   author = {Gagolewski, Marek and Grzegorzewski, Przemys{\l}aw},
   booktitle = {{Combining Soft Computing and Statistical Methods in Data Analysis}},
   editor = {{Borgelt~et~al}, C.},
   pages = {281--288},
   publisher = {Springer-Verlag},
   title = {{{S}-statistics and their basic properties}},
   year = {2010}
}

@incollection{GagolewskiGrzegorzewski2010:ipmu,
   author = {Gagolewski, Marek and Grzegorzewski, Przemys{\l}aw},
   booktitle = {{Information Processing and Management of Uncertainty in Knowledge-Based Systems}},
   editor = {H{\"u}llermeier, E. and Kruse, R. and Hoffmann, F.},
   journal = {CCIS},
   pages = {693--702},
   publisher = {Springer-Verlag},
   title = {{Arity-monotonic extended aggregation operators}},
   volume = {80},
   year = {2010}
}

@incollection{GagolewskiGrzegorzewski2010:metodyiproblemy,
   address = {Warszawa},
   author = {Gagolewski, Marek and Grzegorzewski, Przemys{\l}aw},
   booktitle = {{Psychologia i~informatyka. Synergia i~kontradykcje}},
   editor = {Rowi{\'n}ski, Tomasz and Tadeusiewicz, Ryszard},
   pages = {103--125},
   publisher = {Wyd.~UKSW},
   title = {{Metody i~problemy naukometrii}},
   year = {2010}
}

@article{GagolewskiGrzegorzewski2009:geometricapproach,
   author = {Gagolewski, Marek and Grzegorzewski, Przemys{\l}aw},
   journal = {Scientometrics},
   number = {3},
   pages = {617--634},
   title = {{A geometric approach to the construction of scientific impact indices}},
   volume = {81},
   year = {2009}
}

@inproceedings{GagolewskiGrzegorzewski2009:possibleh,
   author = {Gagolewski, Marek and Grzegorzewski, Przemys{\l}aw},
   booktitle = {{Proc. IFSA/Eusflat 2009}},
   editor = {{Carvalho~et~al}, J. P.},
   location = {Lisbon, Portugal},
   pages = {1691--1695},
   title = {{Possible and necessary $h$-indices}},
   year = {2009}
}


@article{FranceschiniMaisano2009:hmanufacturing,
   author = {Franceschini, Fiorenzo and Maisano, Domenico A.},
   journal = {Quality and Reliability Engineering International},
   pages = {987--995},
   title = {{The {H}irsch index in manufacturing and quality engineering}},
   volume = {25},
   year = {2009}
}

@article{FranceschiniMaisano2011:structevalh,
   author = {Franceschini, Fiorenzo and Maisano, Domenico A.},
   journal = {Journal of Informetrics},
   pages = {64--74},
   title = {{Structured evaluation of the scientific output of academic research groups by recent $h$-based indicators}},
   volume = {5},
   year = {2011}
}



@article{TorraNarukawa2008:h2fuzzyintegrals,
   author = {Torra, Vicen\c{c} and Narukawa, Yasuo},
   journal = {IEEE Transactions on Fuzzy Systems},
   number = {3},
   pages = {795--797},
   title = {{The $h$-index and the number of citations: {T}wo fuzzy integrals}},
   volume = {16},
   year = {2008}
}


@article{Zhang2010:estgpd,
   author = {Zhang, Jin},
   journal = {Technometrics},
   number = {3},
   pages = {335--339},
   title = {{Improving on estimation for the {G}eneralized {P}areto {D}istribution}},
   volume = {52},
   year = {2010}
}

@article{ZhangStevens2009:estgpd,
   author = {Zhang, Jin and Stephens, Michael A.},
   journal = {Technometrics},
   number = {3},
   pages = {316--325},
   title = {{A new and efficient estimation method for the {G}eneralized {P}areto {D}istribution}},
   volume = {51},
   year = {2009}
}

@article{Luceno2006:estgpd,
   author = {Luceno, Alberto},
   journal = {Computational Statistics and Data Analysis},
   number = {2},
   pages = {904--917},
   title = {{Fitting the {G}eneralized {P}areto {D}istribution to data using maximum goodness-of-fit estimators}},
   volume = {1},
   year = {2006}
}

@article{VillasenorGonzalez2009:gofgpd,
   author = {Villasenor-Alva, J.A. and Gonzalez-Estrada, E.},
   journal = {Computational Statistics and Data Analysis},
   number = {11},
   pages = {3835--3841},
   title = {{A bootstrap goodness of fit test for the {G}eneralized {P}areto {D}istribution}},
   volume = {53},
   year = {2009}
}

@article{MarsagliaMarsaglia2004:adtest,
   author = {Marsaglia, George and Marsaglia, John},
   journal = {Journal of Statistical Software},
   number = {2},
   title = {{Evaluating the {A}nderson-{D}arling distribution}},
   volume = {9},
   year = {2004}
}

@article{CastilloDaoudi2009:mlegpd,
   author = {{del Castillo}, Joan and Daoudi, Jalila},
   journal = {Statistics and Probability Letters},
   pages = {684--688},
   title = {{Estimation of the {G}eneralized {P}areto {D}istribution}},
   volume = {79},
   year = {2009}
}

@article{ZeaKots2001:estgpd,
   author = {Bermudez, {P. de} Zea and Kotz, Samuel},
   journal = {Journal of Statistical Planning and Inference},
   number = {6},
   pages = {1374--1388},
   title = {{Parameter estimation of the {G}eneralized {P}areto {D}istribution. {P}art {II}}},
   volume = {140},
   year = {2010}
}


@article{Shilkret1971:maxitivemeasure,
   author = {N. Shilkret},
   title = {Maxitive measure and integration},
   journal = {Indag. Math.},
   volume = {33},
   year = {1971},
   pages = {109--116}
}


@phdthesis{Sugeno1974:PhD,
   author = {Michio Sugeno},
   institution = {Meguro-ku},
   location = {Tokyo},
   school = {Tokyo Institute of Technology},
   title = {{Theory of fuzzy integrals and its applications}},
   year = {1974}
}


@article{AlonsoETAL2009:hreview,
   author = {Alonso, S. and Cabrerizo, F. J. and Herrera-Viedma, E. and Herrera, F.},
   journal = {Journal of Informetrics},
   pages = {273--289},
   title = {{\textit{h}-index: {A}~review focused on its variants, computation and standardization for different scientific fields}},
   volume = {3},
   year = {2009}
}


@article{Quesada2010:moreaxiomatics,
   author = {Quesada, Antonio},
   journal = {Scientometrics},
   pages = {413--418},
   title = {{More axiomatics for the {H}irsch index}},
   volume = {82},
   year = {2010}
}


@article{Rousseau2008:woegingerax,
   author = {Rousseau, Ronald},
   journal = {Journal of Informetrics},
   number = {4},
   pages = {335--340},
   title = {{Woeginger's axiomatisation of the $h$-index and its relation to the $g$-index, the $h(2)$-index and the $R^2$-index}},
   volume = {2},
   year = {2008}
}

